@book{books/aw/Knuth81,
  author = {Knuth, Donald E.},
  isbn = {0-201-03822-6},
  publisher = {Addison-Wesley},
  title = {The Art of Computer Programming, Volume II: Seminumerical Algorithms, 2nd Edition},
  year = 1981
}
@Online{git,
    url = "https://github.com/katarinasupe/OAA"
}
@Online{DefinicijaNZM,
    url = "https://web.math.pmf.unizg.hr/~veky/em/vjezbe/nzm.html"
}
@Online{Oduzimanje_dijeljenje,
    url="https://codility.com/media/train/10-Gcd.pdf"
}
@Online{Stein,
    url="https://www.geeksforgeeks.org/steins-algorithm-for-finding-gcd/"
}

@Online{Binarni_Euklidov_algoritam_1,
    url="https://en.wikipedia.org/wiki/Binary_GCD_algorithm"
}

@Online{Binarni_Euklidov_algoritam_2,
    url="https://www.cut-the-knot.org/blue/binary.shtml"
}

@Online{Binarni_Euklidov_algoritam_3,
    url="https://gmplib.org/manual/Binary-GCD"
}

@Online{Binarni_Euklidov_algoritam_4,
    url="
https://radiusofcircle.blogspot.com/2016/10/binary-gcd-algorithm-implementation.html"
}



